@standard{biblio:synch,
  title     = "Timing characteristics of a synchronous Ethernet equipment slave clock {(EEC)}",
  year      = "2007",
  number    = "G.8262",
  organization  = "ITU-T",
}

@standard{biblio:ethernet,
  title		=  "IEEE Standard for
		   Information Technology--Telecommunications and Information Exchange Between
		   Systems--Local and Metropolitan Area Networks--Specific Requirements Part 3:
		   Carrier Sense Multiple Access With  Collision Detection (CSMA/CD) Access Method
		   and Physical Layer Specifications - Section Three",
  year		= "2008",
  organization	= "IEEE",
  address	= "New York",
  number	= "802.3-2008",
}


@standard{biblio:ptp,
  title		= "IEEE Standard for a Precision
		   Clock Synchronization Protocol for Networked Measurement and Control Systems",
  organization	= "IEEE",
  address	= "New York",
  number	= "1588-2008",
  year		= "2008",
}

@techreport{biblio:FAIRtimingSystem,
  author        = "T. Fleck and C. Prados and S. Rauch and M. Kreider",
  title         = "{FAIR} Timing System",
  institution   = "GSI",
  address       = "Darmstadt, Germany",
  year          = "2009",
  note          = "v1.2",
}


@Misc{biblio:cernWr,
  author 	= "J. Bau and M. Lipi\'{n}ski",
  title 	= "{Discussion On A White Rabbit based CERN Control and Timing Network}",
  note      = "v1.1",
  month		= "October",
  year 		= "2011",
  howpublished	= {\url{http://www.ohwr.org/documents/85}}
}


@electronic{biblio:wrproj,
  title     = "{"White Rabbit Project}",
  howpublished  = {\url{http://www.ohwr.org/projects/white-rabbit}}
}

@Misc{biblio:wrptp,
  author    = "E.G. Cota and M. Lipi\'{n}ski and T. W\l{}ostowski and E.V.D. Bij and J. Serrano",
  title     = "{White Rabbit Specification: Draft for Comments}",
  note          = "v2.0",
  month     = "july",
  year      = "2011",
  howpublished  = {\url{http://www.ohwr.org/documents/21}}
}

@electronic{biblio:spec,
  title     = "{Simple PCIe FMC carrier (SPEC)}",
  howpublished  = {\url{http://www.ohwr.org/projects/spec}}
}

@electronic{biblio:wrswitch,
  title     = "{White Rabbit Switch v3}",
  howpublished  = {\url{http://www.sevensols.com/whiterabbitsolution/}}
}



@article{biblio:ispcs_m,
  author        = "M. Lipiński and T. Włostowski and J. Serrano and P. Alvarez",
  title         = "{White Rabbit: a PTP application for robust sub-nanosecond synchronization}",
  journal       = "Proceedings of ISPCS",
  address   = "Munich, Germany",
  year          = "2011",
}

@mastersthesis{biblio:tomas,
  author 	= "T. W\l{}ostowski",
  title 	= "Precise time and frequency transfer in a {White} {Rabbit} network",
  month		= "may",
  year 		= "2011",
  school 	= "Warsaw University of Technology",
  howpublished	= {\url{http://www.ohwr.org/documents/80}}
}
@article{biblio:ddmtd,
  author        = "P. Moreira and P. Alvarez and J. Serrano and I. Darwezeh and T. Wlostowski",
  title         = "{Digital Dual Mixer Time Difference for Sub-Nanosecond Time Synchronization in Ethernet}",
  journal       = "Frequency Control Symposium (FCS), 2010 IEEE International",
  address       = "London, UK",
  year          = "2010",
}

@article{biblio:ICALEPCS2011,
  author        = "M. Lipiński and J. Serrano and T. Wlostowski and C. Prados",
  title         = "{Reliability In A White Rabbit Network}",
  journal       = "Proceedings of ICALEPCS",
  address 	= "Grenoble, France",
  year          = "2011",
}

@article{biblio:tc_perf,
  author    = {J. Burch and K. Green and J. Nakulski and D. Vook},
  title     = {Verifying the Performance of Transparent Clocks in PTP Systems},
  journal     = "Proceedings of ISPCS",
  address   = "Brescia, Italy",
  year      = {2009},
}

@article{biblio:tc_perf_2,
  author    = "J. Han and D-K. Jeong",
  title     = "{A Practical Implementation of IEEE 1588-2008 Transparent Clock
  for Distributed Measurement and Control Systems}",
  journal   = "IEEE Transactions on Intromentation and Measurement",
  volume    = "59",
  number    = "2",
  year      = "2010",
}

@electronic{biblio:lic,
  title     = "{CERN Open Hardware Licence}",
  howpublished  = {\url{http://www.ohwr.org/projects/cernohl/wiki},
}

